2459 4384
173 496 237 561 tri}
245 498 342 644 gleni
350 500 437 561 Heba.
449 509 526 562 xiv.
545 501 595 582 pest
606 502 777 579 Pentecosten.
814 522 877 631 4²?

173 576 212 633 [Α
288 578 338 633 Ul
351 576 456 632 NTA.
492 571 628 642 suatum,
644 581 670 631 de
682 571 847 639 universost
864 609 880 624 ·

173 664 206 703 uo
215 663 316 717 quarto
338 648 457 715 Regum.
492 644 563 703 ditus
572 643 722 715 afuturum,
738 644 754 703 ὲ
766 645 812 703 die
823 642 880 717 qud

173 733 189 772 o
205 716 229 773 1.
252 722 319 791 Cap.
344 720 369 772 8.
385 737 414 773 v.
432 734 456 772 1.
492 714 603 786 reliquit
622 734 722 774 tertam
741 711 824 789 usque
843 710 882 773 ad

173 787 202 842 tit
213 782 306 861 fames
326 785 361 843 ab
372 785 459 860 Elissa
492 783 619 860 ptaesens.

183 856 327 982 ‘puditin
524 874 569 926 uu.
589 854 728 917 De'tminus
740 852 834 927 dedit,
852 866 882 933 p.

173 921 188 982 s
200 944 229 983 us
246 926 352 985 locutus
365 923 404 982 est
422 923 457 983 ad
494 938 564 998 416.

173 995 284 1055 ulierem
318 1000 391 1067 euius
416 995 459 1055 vi·
529 1001 690 1056 Laeuo
716 1001 753 1056 11.
767 1018 797 1055 v.
818 1016 847 1066 7.

173 1064 258 1125 iterat
276 1064 393 1137 filium,
415 1065 459 1124 di·
528 1067 632 1138 Eliseus
652 1067 784 1196 effluis
801 1081 848 1144 pro

191 1142 277 1208 Surge
295 1182 305 1209 ,
324 1134 392 1195 vade
409 1156 458 1207 tu,
612 1147 667 1197 Ben
706 1141 753 1195 ad.

173 1227 286 1277 instua,
306 1209 460 1334 ἅρετεέετί-
568 1211 634 1267 Euit
650 1230 756 1281 quoque
776 1203 885 1266 [ustus

173 1278 329 1349 ubicumque
353 1298 398 1347 rep
416 1298 462 1336 re·
568 1281 747 1341 Damaicum,
760 1288 785 1337 &
799 1278 886 1337 Bena-

173 1348 255 1408 »eavit
275 1351 350 1408 enim
361 1346 462 1406 Dumi-
496 1345 551 1406 dad
562 1369 609 1408 rex
618 1351 702 1418 Syriae
712 1348 882 1421 egrotabat:

173 1440 255 1491 nem,
272 1427 300 1479 &
311 1416 403 1479 vdniet
416 1416 461 1477 su·
496 1420 772 1492 nuntiaveruntqueei
791 1419 887 1477 dicen·

174 1510 236 1549 ram
251 1487 355 1563 septem
372 1491 460 1548 aunis.
496 1507 537 1547 tes
547 1513 553 1545 :
563 1493 647 1549 Venit
656 1492 698 1548 vir
710 1493 764 1548 Dei
776 1463 836 1546 inuc.
849 1490 885 1546 Et

174 1563 278 1630 unexit,
292 1560 393 1619 &feeit
405 1566 461 1632 jux-
497 1562 536 1618 ait
556 1580 602 1617 rex
612 1560 648 1617 ad
658 1559 766 1619 Hazael
781 1556 885 1618 :Tolle

174 1650 230 1690 uun
248 1628 373 1689 huminis
387 1634 460 1689 Dei:
496 1649 585 1688 tecum
595 1629 884 1691 mimera,&vadein

174 1720 286 1760 tuscum
300 1700 387 1760 domo
399 1699 461 1771 sua,
497 1696 699 1760 occursumviri
710 1702 775 1771 Dei,
785 1697 886 1759 &edu-

174 1773 247 1831 inita
274 1770 313 1830 est
341 1775 463 1830 interra
498 1770 555 1829 sule
567 1771 721 1830 deinum
741 1791 788 1841 per
802 1789 886 1840 eum,
921 1781 924 1789 '

174 1840 245 1901 hiim
255 1839 350 1901 diebus
360 1843 462 1901 multis.
500 1840 593 1900 diceus
604 1868 610 1901 :
624 1844 652 1900 si
663 1839 776 1899 evidere
787 1840 886 1911 putero

174 1932 202 1973 ue
217 1910 290 1971 finiti
304 1910 388 1970 essent
398 1915 464 1971 anni
501 1911 535 1969 de
550 1909 710 1985 infirmitate
731 1930 793 1969 mea
813 1910 886 1968 hac?

174 1980 353 2043 uteversaest
364 1981 466 2040 mulier
500 1985 556 2041 luit
567 1981 652 2055 igitur
665 1980 773 2040 Hdza‘e'l
791 1982 820 2037 in
838 1998 888 2038 oe·

174 2071 202 2112 ra
223 2049 412 2121 Phiiisthiim3
437 2059 465 2110 δι
500 2050 701 2126 eminentius,
723 2049 828 2108 habeus
844 2048 889 2109 se-

174 2121 466 2195 testutintetpelliret
500 2143 561 2182 cum
571 2118 891 2183 munerastdmniabo·

192 2214 243 2279 pto
266 2193 352 2255 domo
371 2190 418 2253 sua
437 2201 464 2253 δε
500 2213 536 2253 na
552 2193 700 2264 Damasci,
720 2192 806 2254 dueta
823 2211 889 2267 qua·

177 2284 215 2323 ns
228 2261 290 2323 suis.
300 2270 360 2325 Rex
372 2283 465 2324 autem
499 2263 627 2337 draginta
638 2265 787 2339 eameldtu‘a.
801 2267 888 2323 Cum·

174 2334 242 2396 t‘atut
265 2338 298 2394 eti
313 2333 467 2406 Gidzipite·
501 2334 772 2406 questetissttcoram
783 2338 887 2406 e0,ait:

185 2407 363 2468 vendicetis:
375 2409 467 2466 Narra
501 2407 584 2463 Filius
606 2425 667 2464 tuus
695 2404 822 2464 Bknadad
838 2425 887 2465 tex

174 2477 467 2550 unniamagndliaquae
502 2479 585 2546 Syria
595 2476 667 2534 misit
682 2496 726 2533 me
735 2475 771 2534 ad
782 2495 827 2545 te,
842 2475 889 2535 di-

174 2545 274 2607 tuscus.
296 2552 419 2618 Cumque
431 2547 467 2605 ii·
502 2566 563 2605 ecus
577 2571 583 2602 ε
599 2549 626 2604 Si
639 2545 727 2605 sanari
763 2544 837 2606 'tero
851 2545 887 2604 de

174 2618 241 2678 :ittet
253 2639 282 2676 re
302 2617 467 2688 iqudmodo
501 2615 662 2676 infirmitite
672 2637 733 2675 mea
765 2630 817 2675 ac?
836 2618 890 2674 Di·
918 2670 920 2675 .

175 2710 222 2748 um
242 2636 405 2761 suliitaffet,
423 2709 467 2757 an
502 2690 594 2757 xitque
612 2690 637 2746 ei
658 2687 778 2769 Eiisdus:
792 2685 870 2744 Vade
875 2729 891 2773 ς,

180 2757 282 2818 mulier
289 2765 362 2832 eujus
376 2759 468 2818 vivifi·
503 2759 585 2815 dicei
598 2780 605 2812 t
619 2755 760 2815 sanaberis
779 2780 786 2813 :
805 2775 891 2825 porro

174 2848 191 2889 e
206 2828 299 2888 ftiium
319 2873 327 2901 ,
346 2830 467 2888 clamans
503 2826 626 2887 ostendit
650 2827 722 2885 mihi
750 2825 891 2884 Diuninus

174 2920 232 2977 gem
251 2922 302 2973 pro
320 2901 407 2959 domo
423 2899 468 2958 sua
504 2901 665 2970 quiamutte
677 2894 820 2954 moridtut.
832 2899 891 2952 Ste.

183 2967 326 3043 agriesuis.
338 2974 470 3043 Dixitque
504 2975 589 3040 titque
601 2988 663 3026 cum
672 2987 721 3039 eo,
740 2975 766 3025 &
779 2983 894 3042 contur-

180 3066 186 3096 :
204 3041 330 3101 deine
347 3044 387 3100 mi
405 3063 468 3103 rex,
504 3041 581 3098 b'atus
596 3040 636 3098 est
652 3037 734 3125 usque
753 3035 788 3097 ad
812 3033 893 3094 sustu-

175 3110 323 3174 stmidier,
336 3120 363 3171 &
375 3110 470 3172 hicest
505 3109 608 3168 fibnem
628 3111 717 3170 vuitus
736 3140 744 3178 ·,
762 3108 892 3191 flevitque

175 3185 226 3253 :ius
239 3203 320 3254 quem
333 3181 471 3241 suseitdvit
505 3184 547 3239 vit
559 3186 621 3240 Dei.
642 3182 695 3241 Cui
709 3177 816 3237 Hiza'e'l
833 3193 891 3235 att:

177 3273 198 3313 ς.
232 3256 265 3310 Et
289 3253 470 3323 intertogduit
506 3256 600 3320 Quare
612 3252 663 3309 dias
682 3271 758 3307 meus
771 3251 835 3306 flet?
853 3252 896 3306 At

175 3322 285 3381 ulierem
295 3347 300 3379 :
310 3344 368 3394 quae
377 3322 473 3380 narsi·
506 3325 553 3380 ilie
565 3321 635 3380 dixit
647 3346 653 3376 :
665 3323 742 3389 Quia
759 3318 815 3377 seio
831 3336 895 3389 quae

188 3394 360 3464 Deditqueei
371 3414 415 3451 rex
428 3415 471 3450 eu·
507 3390 626 3450 faciittus
654 3390 686 3450 sis
713 3388 783 3449 filiis
807 3387 894 3447 lsrael

179 3484 207 3521 m
229 3482 314 3523 unum
334 3506 343 3533 ‚
360 3463 472 3524 dicens:
509 3463 591 3522 mala.
609 3458 818 3520 Civititesedrti
832 3478 894 3518 mu-

175 3555 208 3595 ue
239 3537 268 3593 ci
297 3533 394 3593 eimuia
416 3553 474 3609 quae
509 3532 584 3593 nitas.
598 3533 665 3608 igne
681 3529 842 3604 succendes,
863 3534 893 3589 de
